%% This BibTeX bibliography file was created using BibDesk.
%% http://bibdesk.sourceforge.net/


%% Created for Joe McEwen at 2016-07-26 18:15:17 -0400 


%% Saved with string encoding Unicode (UTF-8) 



@article{2012JCAP...04..019D,
	Adsnote = {Provided by the SAO/NASA Astrophysics Data System},
	Adsurl = {http://adsabs.harvard.edu/abs/2012JCAP...04..019D},
	Archiveprefix = {arXiv},
	Author = {{de Putter}, R. and {Wagner}, C. and {Mena}, O. and {Verde}, L. and {Percival}, W.~J.},
	Date-Added = {2016-07-26 22:15:15 +0000},
	Date-Modified = {2016-07-26 22:15:15 +0000},
	Doi = {10.1088/1475-7516/2012/04/019},
	Eid = {019},
	Eprint = {1111.6596},
	Journal = {\jcap},
	Month = apr,
	Pages = {019},
	Title = {{Thinking outside the box: effects of modes larger than the survey on matter power spectrum covariance}},
	Volume = 4,
	Year = 2012,
	Bdsk-Url-1 = {http://dx.doi.org/10.1088/1475-7516/2012/04/019}}

@article{2016PhRvD..93f3507L,
	Adsnote = {Provided by the SAO/NASA Astrophysics Data System},
	Adsurl = {http://adsabs.harvard.edu/abs/2016PhRvD..93f3507L},
	Archiveprefix = {arXiv},
	Author = {{Li}, Y. and {Hu}, W. and {Takada}, M.},
	Date-Added = {2016-07-26 21:21:22 +0000},
	Date-Modified = {2016-07-26 21:21:22 +0000},
	Doi = {10.1103/PhysRevD.93.063507},
	Eid = {063507},
	Eprint = {1511.01454},
	Journal = {\prd},
	Month = mar,
	Number = 6,
	Pages = {063507},
	Title = {{Separate universe consistency relation and calibration of halo bias}},
	Volume = 93,
	Year = 2016,
	Bdsk-Url-1 = {http://dx.doi.org/10.1103/PhysRevD.93.063507}}

@book{misner1973gravitation,
	Author = {Misner, Charles W and Thorne, Kip S and Wheeler, John Archibald},
	Date-Added = {2016-07-26 03:54:23 +0000},
	Date-Modified = {2016-07-26 03:54:23 +0000},
	Publisher = {Macmillan},
	Title = {Gravitation},
	Year = {1973}}

@article{2014PhRvD..89h3519L,
	Adsnote = {Provided by the SAO/NASA Astrophysics Data System},
	Adsurl = {http://adsabs.harvard.edu/abs/2014PhRvD..89h3519L},
	Archiveprefix = {arXiv},
	Author = {{Li}, Y. and {Hu}, W. and {Takada}, M.},
	Date-Added = {2016-07-26 03:53:49 +0000},
	Date-Modified = {2016-07-26 03:53:49 +0000},
	Doi = {10.1103/PhysRevD.89.083519},
	Eid = {083519},
	Eprint = {1401.0385},
	Journal = {\prd},
	Keywords = {Cosmology, Dark energy, Observation and data reduction techniques, computer modeling and simulation, Superclusters, large-scale structure of the Universe},
	Month = apr,
	Number = 8,
	Pages = {083519},
	Title = {{Super-sample covariance in simulations}},
	Volume = 89,
	Year = 2014,
	Bdsk-Url-1 = {http://dx.doi.org/10.1103/PhysRevD.89.083519}}

@article{2013PhRvD..87l3504T,
	Adsnote = {Provided by the SAO/NASA Astrophysics Data System},
	Adsurl = {http://adsabs.harvard.edu/abs/2013PhRvD..87l3504T},
	Archiveprefix = {arXiv},
	Author = {{Takada}, M. and {Hu}, W.},
	Date-Added = {2016-07-24 22:56:51 +0000},
	Date-Modified = {2016-07-24 22:56:51 +0000},
	Doi = {10.1103/PhysRevD.87.123504},
	Eid = {123504},
	Eprint = {1302.6994},
	Journal = {\prd},
	Keywords = {Cosmology, Dark energy, Superclusters, large-scale structure of the Universe},
	Month = jun,
	Number = 12,
	Pages = {123504},
	Primaryclass = {astro-ph.CO},
	Title = {{Power spectrum super-sample covariance}},
	Volume = 87,
	Year = 2013,
	Bdsk-Url-1 = {http://dx.doi.org/10.1103/PhysRevD.87.123504}}

@article{2013PhRvD..88h3502P,
	Adsnote = {Provided by the SAO/NASA Astrophysics Data System},
	Adsurl = {http://adsabs.harvard.edu/abs/2013PhRvD..88h3502P},
	Archiveprefix = {arXiv},
	Author = {{Pajer}, E. and {Schmidt}, F. and {Zaldarriaga}, M.},
	Date-Added = {2016-07-04 05:29:38 +0000},
	Date-Modified = {2016-07-04 05:29:38 +0000},
	Doi = {10.1103/PhysRevD.88.083502},
	Eid = {083502},
	Eprint = {1305.0824},
	Journal = {\prd},
	Keywords = {Mathematical and relativistic aspects of cosmology},
	Month = oct,
	Number = 8,
	Pages = {083502},
	Title = {{The Observed squeezed limit of cosmological three-point functions}},
	Volume = 88,
	Year = 2013,
	Bdsk-Url-1 = {http://dx.doi.org/10.1103/PhysRevD.88.083502}}

@book{poisson2004relativist,
	Author = {Poisson, Eric},
	Date-Added = {2016-07-03 06:01:25 +0000},
	Date-Modified = {2016-07-03 06:01:25 +0000},
	Publisher = {Cambridge university press},
	Title = {A relativist's toolkit: the mathematics of black-hole mechanics},
	Year = {2004}}

@article{manasse1963fermi,
	Author = {Manasse, FK and Misner, Charles W},
	Date-Added = {2016-07-03 05:59:35 +0000},
	Date-Modified = {2016-07-03 05:59:35 +0000},
	Journal = {Journal of mathematical physics},
	Number = {6},
	Pages = {735--745},
	Publisher = {AIP Publishing},
	Title = {Fermi normal coordinates and some basic concepts in differential geometry},
	Volume = {4},
	Year = {1963}}
