%% This BibTeX bibliography file was created using BibDesk.
%% http://bibdesk.sourceforge.net/

%% Created for Matthew Digman at 2017-04-24 16:28:16 -0400 


%% Saved with string encoding Unicode (UTF-8) 



@article{suprime_pfs,
	Adsnote = {Provided by the SAO/NASA Astrophysics Data System},
	Adsurl = {http://adsabs.harvard.edu/abs/2014PASJ...66R...1T},
	Archiveprefix = {arXiv},
	Author = {{Takada}, M. and {Ellis}, R.~S. and {Chiba}, M. and {Greene}, J.~E. and {Aihara}, H. and {Arimoto}, N. and {Bundy}, K. and {Cohen}, J. and {Dor{\'e}}, O. and {Graves}, G. and {Gunn}, J.~E. and {Heckman}, T. and {Hirata}, C.~M. and {Ho}, P. and {Kneib}, J.-P. and {F{\`e}vre}, O.~L. and {Lin}, L. and {More}, S. and {Murayama}, H. and {Nagao}, T. and {Ouchi}, M. and {Seiffert}, M. and {Silverman}, J.~D. and {Sodr{\'e}}, L. and {Spergel}, D.~N. and {Strauss}, M.~A. and {Sugai}, H. and {Suto}, Y. and {Takami}, H. and {Wyse}, R.},
	Date-Added = {2017-04-24 20:25:34 +0000},
	Date-Modified = {2017-04-24 20:25:40 +0000},
	Doi = {10.1093/pasj/pst019},
	Eid = {R1},
	Eprint = {1206.0737},
	Journal = {\pasj},
	Keywords = {cosmology: dark energy, cosmology: large-scale structure of Universe, galaxies: formation, galaxies: kinematics and dynamics, instrumentation: spectographs},
	Month = feb,
	Pages = {R1},
	Title = {{Extragalactic science, cosmology, and Galactic archaeology with the Subaru Prime Focus Spectrograph}},
	Volume = 66,
	Year = 2014,
	Bdsk-Url-1 = {http://dx.doi.org/10.1093/pasj/pst019}}

@article{takadahu_ssc,
	Archiveprefix = {arXiv},
	Author = {Takada, Masahiro and Hu, Wayne},
	Date-Added = {2017-04-24 20:22:09 +0000},
	Date-Modified = {2017-04-24 20:22:15 +0000},
	Doi = {10.1103/PhysRevD.87.123504},
	Eprint = {1302.6994},
	Journal = {Phys. Rev.},
	Number = {12},
	Pages = {123504},
	Primaryclass = {astro-ph.CO},
	Slaccitation = {%%CITATION = ARXIV:1302.6994;%%},
	Title = {{Power Spectrum Super-Sample Covariance}},
	Volume = {D87},
	Year = {2013},
	Bdsk-Url-1 = {http://dx.doi.org/10.1103/PhysRevD.87.123504}}

@article{lihu_ssc,
	Archiveprefix = {arXiv},
	Author = {Li, Yin and Hu, Wayne and Takada, Masahiro},
	Date-Added = {2017-04-24 20:20:29 +0000},
	Date-Modified = {2017-04-24 20:20:35 +0000},
	Doi = {10.1103/PhysRevD.90.103530},
	Eprint = {1408.1081},
	Journal = {Phys. Rev.},
	Number = {10},
	Pages = {103530},
	Primaryclass = {astro-ph.CO},
	Slaccitation = {%%CITATION = ARXIV:1408.1081;%%},
	Title = {{Super-Sample Signal}},
	Volume = {D90},
	Year = {2014},
	Bdsk-Url-1 = {http://dx.doi.org/10.1103/PhysRevD.90.103530}}

@article{extended_limber,
	Archiveprefix = {arXiv},
	Author = {LoVerde, Marilena and Afshordi, Niayesh},
	Date-Added = {2017-04-19 19:58:12 +0000},
	Date-Modified = {2017-04-19 19:58:32 +0000},
	Doi = {10.1103/PhysRevD.78.123506},
	Eprint = {0809.5112},
	Journal = {Phys. Rev.},
	Pages = {123506},
	Primaryclass = {astro-ph},
	Slaccitation = {%%CITATION = ARXIV:0809.5112;%%},
	Title = {{Extended Limber Approximation}},
	Volume = {D78},
	Year = {2008},
	Bdsk-Url-1 = {http://dx.doi.org/10.1103/PhysRevD.78.123506}}

@article{cosmosis,
	Archiveprefix = {arXiv},
	Author = {Zuntz, Joe and Paterno, Marc and Jennings, Elise and Rudd, Douglas and Manzotti, Alessandro and Dodelson, Scott and Bridle, Sarah and Sehrish, Saba and Kowalkowski, James},
	Date-Added = {2017-04-19 19:53:34 +0000},
	Date-Modified = {2017-04-19 19:53:38 +0000},
	Doi = {10.1016/j.ascom.2015.05.005},
	Eprint = {1409.3409},
	Journal = {Astron. Comput.},
	Pages = {45-59},
	Primaryclass = {astro-ph.CO},
	Reportnumber = {FERMILAB-PUB-14-408-A},
	Slaccitation = {%%CITATION = ARXIV:1409.3409;%%},
	Title = {{CosmoSIS: Modular Cosmological Parameter Estimation}},
	Volume = {12},
	Year = {2015},
	Bdsk-Url-1 = {http://dx.doi.org/10.1016/j.ascom.2015.05.005}}

@article{casarini_halofit_2,
	Archiveprefix = {arXiv},
	Author = {Escamilla-Rivera, Celia and Casarini, Luciano and Fabris, Julio C. and Alcaniz, Jailson S.},
	Date-Added = {2017-04-19 17:37:52 +0000},
	Date-Modified = {2017-04-19 17:37:59 +0000},
	Doi = {10.1088/1475-7516/2016/11/010},
	Eprint = {1605.01475},
	Journal = {JCAP},
	Number = {11},
	Pages = {010},
	Primaryclass = {astro-ph.CO},
	Slaccitation = {%%CITATION = ARXIV:1605.01475;%%},
	Title = {{Linear and non-linear perturbations in dark energy models}},
	Volume = {1611},
	Year = {2016},
	Bdsk-Url-1 = {http://dx.doi.org/10.1088/1475-7516/2016/11/010}}

@article{eifler_krause_cosmolike,
	Archiveprefix = {arXiv},
	Author = {Eifler, Tim and Krause, Elisabeth and Schneider, Peter and Honscheid, Klaus},
	Date-Added = {2017-04-18 21:13:32 +0000},
	Date-Modified = {2017-04-18 21:13:57 +0000},
	Doi = {10.1093/mnras/stu251},
	Eprint = {1302.2401},
	Journal = {Mon. Not. Roy. Astron. Soc.},
	Number = {2},
	Pages = {1379-1390},
	Primaryclass = {astro-ph.CO},
	Slaccitation = {%%CITATION = ARXIV:1302.2401;%%},
	Title = {{Combining Probes of Large-Scale Structure with CosmoLike}},
	Volume = {440},
	Year = {2014},
	Bdsk-Url-1 = {http://dx.doi.org/10.1093/mnras/stu251}}

@article{fastpt,
	Archiveprefix = {arXiv},
	Author = {McEwen, Joseph E. and Fang, Xiao and Hirata, Christopher M. and Blazek, Jonathan A.},
	Date-Added = {2017-04-18 20:59:12 +0000},
	Date-Modified = {2017-04-18 20:59:17 +0000},
	Doi = {10.1088/1475-7516/2016/09/015},
	Eprint = {1603.04826},
	Journal = {JCAP},
	Number = {09},
	Pages = {015},
	Primaryclass = {astro-ph.CO},
	Slaccitation = {%%CITATION = ARXIV:1603.04826;%%},
	Title = {{FAST-PT: a novel algorithm to calculate convolution integrals in cosmological perturbation theory}},
	Volume = {1609},
	Year = {2016},
	Bdsk-Url-1 = {http://dx.doi.org/10.1088/1475-7516/2016/09/015}}

@article{healpix,
	Archiveprefix = {arXiv},
	Author = {Gorski, K. M. and Hivon, Eric and Banday, A. J. and Wandelt, B. D. and Hansen, F. K. and Reinecke, M. and Bartelman, M.},
	Date-Added = {2017-04-18 20:43:03 +0000},
	Date-Modified = {2017-04-18 20:43:10 +0000},
	Doi = {10.1086/427976},
	Eprint = {astro-ph/0409513},
	Journal = {Astrophys. J.},
	Pages = {759-771},
	Primaryclass = {astro-ph},
	Slaccitation = {%%CITATION = ASTRO-PH/0409513;%%},
	Title = {{HEALPix - A Framework for high resolution discretization, and fast analysis of data distributed on the sphere}},
	Volume = {622},
	Year = {2005},
	Bdsk-Url-1 = {http://dx.doi.org/10.1086/427976}}

@article{coyote_emulator,
	Archiveprefix = {arXiv},
	Author = {Heitmann, Katrin and Lawrence, Earl and Kwan, Juliana and Habib, Salman and Higdon, David},
	Date-Added = {2017-04-18 20:26:37 +0000},
	Date-Modified = {2017-04-18 20:26:42 +0000},
	Doi = {10.1088/0004-637X/780/1/111},
	Eprint = {1304.7849},
	Journal = {Astrophys. J.},
	Pages = {111},
	Primaryclass = {astro-ph.CO},
	Reportnumber = {ANL-HEP-PR-13-10},
	Slaccitation = {%%CITATION = ARXIV:1304.7849;%%},
	Title = {{The Coyote Universe Extended: Precision Emulation of the Matter Power Spectrum}},
	Volume = {780},
	Year = {2014},
	Bdsk-Url-1 = {http://dx.doi.org/10.1088/0004-637X/780/1/111}}

@article{casarini_halofit_math,
	Archiveprefix = {arXiv},
	Author = {Casarini, L. and Bonometto, S. A. and Tessarotto, E. and Corasaniti, P. -S.},
	Date-Added = {2017-04-18 20:13:36 +0000},
	Date-Modified = {2017-04-18 20:13:44 +0000},
	Doi = {10.1088/1475-7516/2016/08/008},
	Eprint = {1601.07230},
	Journal = {JCAP},
	Number = {08},
	Pages = {008},
	Primaryclass = {astro-ph.CO},
	Slaccitation = {%%CITATION = ARXIV:1601.07230;%%},
	Title = {{Extending the Coyote emulator to dark energy models with standard $w_0$-$w_a$ parametrization of the equation of state}},
	Volume = {1608},
	Year = {2016},
	Bdsk-Url-1 = {http://dx.doi.org/10.1088/1475-7516/2016/08/008}}

@article{smith_halofit,
	Archiveprefix = {arXiv},
	Author = {Smith, R. E. and Peacock, J. A. and Jenkins, A. and White, S. D. M. and Frenk, C. S. and Pearce, F. R. and Thomas, P. A. and Efstathiou, G. and Couchmann, H. M. P.},
	Collaboration = {VIRGO Consortium},
	Date-Added = {2017-04-18 20:07:40 +0000},
	Date-Modified = {2017-04-18 20:07:46 +0000},
	Doi = {10.1046/j.1365-8711.2003.06503.x},
	Eprint = {astro-ph/0207664},
	Journal = {Mon. Not. Roy. Astron. Soc.},
	Pages = {1311},
	Primaryclass = {astro-ph},
	Slaccitation = {%%CITATION = ASTRO-PH/0207664;%%},
	Title = {{Stable clustering, the halo model and nonlinear cosmological power spectra}},
	Volume = {341},
	Year = {2003},
	Bdsk-Url-1 = {http://dx.doi.org/10.1046/j.1365-8711.2003.06503.x}}

@article{casarini_halofit,
	Archiveprefix = {arXiv},
	Author = {Casarini, Luciano and Maccio', Andrea V. and Bonometto, Silvio A.},
	Date-Added = {2017-04-18 19:56:36 +0000},
	Date-Modified = {2017-04-18 19:56:45 +0000},
	Doi = {10.1088/1475-7516/2009/03/014},
	Eprint = {0810.0190},
	Journal = {JCAP},
	Pages = {014},
	Primaryclass = {astro-ph},
	Slaccitation = {%%CITATION = ARXIV:0810.0190;%%},
	Title = {{Dynamical Dark Energy simulations: high accuracy Power Spectra at high redshift}},
	Volume = {0903},
	Year = {2009},
	Bdsk-Url-1 = {http://dx.doi.org/10.1088/1475-7516/2009/03/014}}

@article{camb,
	Archiveprefix = {arXiv},
	Author = {Lewis, Antony and Challinor, Anthony and Lasenby, Anthony},
	Date-Added = {2017-04-18 19:54:01 +0000},
	Date-Modified = {2017-04-18 19:54:05 +0000},
	Doi = {10.1086/309179},
	Eprint = {astro-ph/9911177},
	Journal = {Astrophys. J.},
	Pages = {473-476},
	Primaryclass = {astro-ph},
	Slaccitation = {%%CITATION = ASTRO-PH/9911177;%%},
	Title = {{Efficient computation of CMB anisotropies in closed FRW models}},
	Volume = {538},
	Year = {2000},
	Bdsk-Url-1 = {http://dx.doi.org/10.1086/309179}}

@article{takahashi_halofit,
	Archiveprefix = {arXiv},
	Author = {Takahashi, Ryuichi and Sato, Masanori and Nishimichi, Takahiro and Taruya, Atsushi and Oguri, Masamune},
	Date-Added = {2017-04-18 19:51:19 +0000},
	Date-Modified = {2017-04-18 19:51:28 +0000},
	Doi = {10.1088/0004-637X/761/2/152},
	Eprint = {1208.2701},
	Journal = {Astrophys. J.},
	Pages = {152},
	Primaryclass = {astro-ph.CO},
	Slaccitation = {%%CITATION = ARXIV:1208.2701;%%},
	Title = {{Revising the Halofit Model for the Nonlinear Matter Power Spectrum}},
	Volume = {761},
	Year = {2012},
	Bdsk-Url-1 = {http://dx.doi.org/10.1088/0004-637X/761/2/152}}

@article{numpy,
	Author = {St{\'{e}}fan van der Walt and S. Chris Colbert and Ga{\"{e}}l Varoquaux},
	Bibsource = {dblp computer science bibliography, http://dblp.org},
	Biburl = {http://dblp.uni-trier.de/rec/bib/journals/corr/abs-1102-1523},
	Date-Added = {2017-04-18 19:45:00 +0000},
	Date-Modified = {2017-04-18 19:45:04 +0000},
	Journal = {CoRR},
	Timestamp = {Mon, 05 Dec 2011 18:04:55 +0100},
	Title = {The NumPy array: a structure for efficient numerical computation},
	Url = {http://arxiv.org/abs/1102.1523},
	Volume = {abs/1102.1523},
	Year = {2011},
	Bdsk-Url-1 = {http://arxiv.org/abs/1102.1523}}

@misc{scipy,
	Author = {Eric Jones and Travis Oliphant and Pearu Peterson and others},
	Date-Added = {2017-04-18 19:37:58 +0000},
	Date-Modified = {2017-04-18 19:38:15 +0000},
	Note = {[Online; accessed <today>]},
	Title = {{SciPy}: Open source scientific tools for {Python}},
	Url = {http://www.scipy.org/},
	Year = {2001--},
	Bdsk-Url-1 = {http://www.scipy.org/}}

@article{spherical_fourier_bessel,
	Adsnote = {Provided by the SAO/NASA Astrophysics Data System},
	Adsurl = {http://adsabs.harvard.edu/abs/2012A%26A...540A..60L},
	Archiveprefix = {arXiv},
	Author = {{Leistedt}, B. and {Rassat}, A. and {R{\'e}fr{\'e}gier}, A. and {Starck}, J.-L.},
	Date-Added = {2017-04-17 18:44:16 +0000},
	Date-Modified = {2017-04-17 18:44:25 +0000},
	Doi = {10.1051/0004-6361/201118463},
	Eid = {A60},
	Eprint = {1111.3591},
	Journal = {\aap},
	Keywords = {cosmology: observations, large-scale structure of Universe, methods: statistical, methods: data analysis, galaxies: statistics},
	Month = apr,
	Pages = {A60},
	Primaryclass = {astro-ph.CO},
	Title = {{3DEX: a code for fast spherical Fourier-Bessel decomposition of 3D surveys}},
	Volume = 540,
	Year = 2012,
	Bdsk-Url-1 = {http://dx.doi.org/10.1051/0004-6361/201118463}}

@article{huterer_wl,
	Adsnote = {Provided by the SAO/NASA Astrophysics Data System},
	Adsurl = {http://adsabs.harvard.edu/abs/2010GReGr..42.2177H},
	Archiveprefix = {arXiv},
	Author = {{Huterer}, D.},
	Date-Added = {2017-04-17 17:19:58 +0000},
	Date-Modified = {2017-04-17 17:20:15 +0000},
	Doi = {10.1007/s10714-010-1051-z},
	Eprint = {1001.1758},
	Journal = {General Relativity and Gravitation},
	Keywords = {Cosmology, Weak gravitational lensing, Dark matter, Dark energy},
	Month = sep,
	Pages = {2177-2195},
	Primaryclass = {astro-ph.CO},
	Title = {{Weak lensing, dark matter and dark energy}},
	Volume = 42,
	Year = 2010,
	Bdsk-Url-1 = {http://dx.doi.org/10.1007/s10714-010-1051-z}}

@article{wfirst,
	Adsnote = {Provided by the SAO/NASA Astrophysics Data System},
	Adsurl = {http://adsabs.harvard.edu/abs/2013arXiv1305.5425S},
	Archiveprefix = {arXiv},
	Author = {{Spergel}, D. and {Gehrels}, N. and {Breckinridge}, J. and {Donahue}, M. and {Dressler}, A. and {Gaudi}, B.~S. and {Greene}, T. and {Guyon}, O. and {Hirata}, C. and {Kalirai}, J. and {Kasdin}, N.~J. and {Moos}, W. and {Perlmutter}, S. and {Postman}, M. and {Rauscher}, B. and {Rhodes}, J. and {Wang}, Y. and {Weinberg}, D. and {Centrella}, J. and {Traub}, W. and {Baltay}, C. and {Colbert}, J. and {Bennett}, D. and {Kiessling}, A. and {Macintosh}, B. and {Merten}, J. and {Mortonson}, M. and {Penny}, M. and {Rozo}, E. and {Savransky}, D. and {Stapelfeldt}, K. and {Zu}, Y. and {Baker}, C. and {Cheng}, E. and {Content}, D. and {Dooley}, J. and {Foote}, M. and {Goullioud}, R. and {Grady}, K. and {Jackson}, C. and {Kruk}, J. and {Levine}, M. and {Melton}, M. and {Peddie}, C. and {Ruffa}, J. and {Shaklan}, S.},
	Date-Added = {2017-04-12 21:04:19 +0000},
	Date-Modified = {2017-04-12 21:04:24 +0000},
	Eprint = {1305.5425},
	Journal = {ArXiv e-prints},
	Keywords = {Astrophysics - Instrumentation and Methods for Astrophysics},
	Month = may,
	Primaryclass = {astro-ph.IM},
	Title = {{WFIRST-2.4: What Every Astronomer Should Know}},
	Year = 2013}

@article{euclid,
	Adsnote = {Provided by the SAO/NASA Astrophysics Data System},
	Adsurl = {http://adsabs.harvard.edu/abs/2011arXiv1110.3193L},
	Archiveprefix = {arXiv},
	Author = {{Laureijs}, R. and {Amiaux}, J. and {Arduini}, S. and {Augu{\`e}res}, J.~-. and {Brinchmann}, J. and {Cole}, R. and {Cropper}, M. and {Dabin}, C. and {Duvet}, L. and {Ealet}, A. and et al.},
	Date-Added = {2017-04-12 20:55:18 +0000},
	Date-Modified = {2017-04-12 20:55:28 +0000},
	Eprint = {1110.3193},
	Journal = {ArXiv e-prints},
	Keywords = {Astrophysics - Cosmology and Extragalactic Astrophysics, Astrophysics - Galaxy Astrophysics},
	Month = oct,
	Primaryclass = {astro-ph.CO},
	Title = {{Euclid Definition Study Report}},
	Year = 2011}

@article{lsst,
	Adsnote = {Provided by the SAO/NASA Astrophysics Data System},
	Adsurl = {http://adsabs.harvard.edu/abs/2009arXiv0912.0201L},
	Archiveprefix = {arXiv},
	Author = {{LSST Science Collaboration} and {Abell}, P.~A. and {Allison}, J. and {Anderson}, S.~F. and {Andrew}, J.~R. and {Angel}, J.~R.~P. and {Armus}, L. and {Arnett}, D. and {Asztalos}, S.~J. and {Axelrod}, T.~S. and et al.},
	Date-Added = {2017-04-12 20:52:38 +0000},
	Date-Modified = {2017-04-12 20:55:18 +0000},
	Eprint = {0912.0201},
	Journal = {ArXiv e-prints},
	Keywords = {Astrophysics - Instrumentation and Methods for Astrophysics, Astrophysics - Cosmology and Extragalactic Astrophysics, Astrophysics - Earth and Planetary Astrophysics, Astrophysics - Galaxy Astrophysics, Astrophysics - Solar and Stellar Astrophysics},
	Month = dec,
	Primaryclass = {astro-ph.IM},
	Title = {{LSST Science Book, Version 2.0}},
	Year = 2009}

@article{schaan_shear_calibration,
	Archiveprefix = {arXiv},
	Author = {Schaan, Emmanuel and Krause, Elisabeth and Eifler, Tim and Dor{\'e}, Olivier and Miyatake, Hironao and Rhodes, Jason and Spergel, David N.},
	Date-Added = {2017-04-12 20:50:56 +0000},
	Date-Modified = {2017-04-12 20:51:05 +0000},
	Eprint = {1607.01761},
	Primaryclass = {astro-ph.CO},
	Slaccitation = {%%CITATION = ARXIV:1607.01761;%%},
	Title = {{Looking through the same lens: shear calibration for LSST, Euclid \& WFIRST with stage 4 CMB lensing}},
	Year = {2016}}

@article{systematic_lensing_huterer,
	Archiveprefix = {arXiv},
	Author = {Huterer, Dragan and Takada, Masahiro and Bernstein, Gary and Jain, Bhuvnesh},
	Date-Added = {2017-04-12 20:09:42 +0000},
	Date-Modified = {2017-04-12 20:09:53 +0000},
	Doi = {10.1111/j.1365-2966.2005.09782.x},
	Eprint = {astro-ph/0506030},
	Journal = {Mon. Not. Roy. Astron. Soc.},
	Pages = {101-114},
	Primaryclass = {astro-ph},
	Slaccitation = {%%CITATION = ASTRO-PH/0506030;%%},
	Title = {{Systematic errors in future weak lensing surveys: Requirements and prospects for self-calibration}},
	Volume = {366},
	Year = {2006},
	Bdsk-Url-1 = {http://dx.doi.org/10.1111/j.1365-2966.2005.09782.x}}

@article{systematic_lensing_massey,
	Adsnote = {Provided by the SAO/NASA Astrophysics Data System},
	Adsurl = {http://adsabs.harvard.edu/abs/2013MNRAS.429..661M},
	Archiveprefix = {arXiv},
	Author = {{Massey}, R. and {Hoekstra}, H. and {Kitching}, T. and {Rhodes}, J. and {Cropper}, M. and {Amiaux}, J. and {Harvey}, D. and {Mellier}, Y. and {Meneghetti}, M. and {Miller}, L. and {Paulin-Henriksson}, S. and {Pires}, S. and {Scaramella}, R. and {Schrabback}, T.},
	Date-Added = {2017-04-12 20:00:00 +0000},
	Date-Modified = {2017-04-12 20:00:24 +0000},
	Doi = {10.1093/mnras/sts371},
	Eprint = {1210.7690},
	Journal = {\mnras},
	Keywords = {gravitational lensing: weak, instrumentation: detectors, methods: data analysis, space vehicles: instruments, telescopes, cosmological parameters},
	Month = feb,
	Pages = {661-678},
	Title = {{Origins of weak lensing systematics, and requirements on future instrumentation (or knowledge of instrumentation)}},
	Volume = 429,
	Year = 2013,
	Bdsk-Url-1 = {http://dx.doi.org/10.1093/mnras/sts371}}

@article{systematic_lensing_mandelbaum,
	Archiveprefix = {arXiv},
	Author = {Mandelbaum, Rachel and Hirata, Christopher M. and Seljak, Uros and Guzik, Jacek and Padmanabhan, Nikhil and Blake, Cullen and Blanton, Michael R. and Lupton, Robert and Brinkmann, Jonathan},
	Date-Added = {2017-04-12 19:52:41 +0000},
	Date-Modified = {2017-04-12 19:52:51 +0000},
	Doi = {10.1111/j.1365-2966.2005.09282.x},
	Eprint = {astro-ph/0501201},
	Journal = {Mon. Not. Roy. Astron. Soc.},
	Pages = {1287-1322},
	Primaryclass = {astro-ph},
	Slaccitation = {%%CITATION = ASTRO-PH/0501201;%%},
	Title = {{Systematic errors in weak lensing: Application to SDSS galaxy-galaxy weak lensing}},
	Volume = {361},
	Year = {2005},
	Bdsk-Url-1 = {http://dx.doi.org/10.1111/j.1365-2966.2005.09282.x}}

@article{jdem_fom,
	Adsnote = {Provided by the SAO/NASA Astrophysics Data System},
	Adsurl = {http://adsabs.harvard.edu/abs/2009arXiv0901.0721A},
	Archiveprefix = {arXiv},
	Author = {{Albrecht}, A. and {Amendola}, L. and {Bernstein}, G. and {Clowe}, D. and {Eisenstein}, D. and {Guzzo}, L. and {Hirata}, C. and {Huterer}, D. and {Kirshner}, R. and {Kolb}, E. and {Nichol}, R.},
	Date-Added = {2017-04-12 19:49:12 +0000},
	Date-Modified = {2017-04-12 19:49:18 +0000},
	Eprint = {0901.0721},
	Journal = {ArXiv e-prints},
	Keywords = {Astrophysics - Instrumentation and Methods for Astrophysics},
	Month = jan,
	Primaryclass = {astro-ph.IM},
	Title = {{Findings of the Joint Dark Energy Mission Figure of Merit Science Working Group}},
	Year = 2009}

@article{weinberg_probes,
	Adsnote = {Provided by the SAO/NASA Astrophysics Data System},
	Adsurl = {http://adsabs.harvard.edu/abs/2013PhR...530...87W},
	Archiveprefix = {arXiv},
	Author = {{Weinberg}, D.~H. and {Mortonson}, M.~J. and {Eisenstein}, D.~J. and {Hirata}, C. and {Riess}, A.~G. and {Rozo}, E.},
	Date-Added = {2017-04-10 20:51:39 +0000},
	Date-Modified = {2017-04-10 20:51:51 +0000},
	Doi = {10.1016/j.physrep.2013.05.001},
	Eprint = {1201.2434},
	Journal = {\physrep},
	Month = sep,
	Pages = {87-255},
	Title = {{Observational probes of cosmic acceleration}},
	Volume = 530,
	Year = 2013,
	Bdsk-Url-1 = {http://dx.doi.org/10.1016/j.physrep.2013.05.001}}

@article{quintessence_caldwell,
	Archiveprefix = {arXiv},
	Author = {Caldwell, R. R. and Linder, Eric V.},
	Date-Added = {2017-04-10 20:43:06 +0000},
	Date-Modified = {2017-04-10 20:43:13 +0000},
	Doi = {10.1103/PhysRevLett.95.141301},
	Eprint = {astro-ph/0505494},
	Journal = {Phys. Rev. Lett.},
	Pages = {141301},
	Primaryclass = {astro-ph},
	Slaccitation = {%%CITATION = ASTRO-PH/0505494;%%},
	Title = {{The Limits of quintessence}},
	Volume = {95},
	Year = {2005},
	Bdsk-Url-1 = {http://dx.doi.org/10.1103/PhysRevLett.95.141301}}

@article{constraining_de,
	Author = {Perlmutter, Saul and Turner, Michael S. and White, Martin},
	Date-Added = {2017-04-10 20:29:48 +0000},
	Date-Modified = {2017-04-10 20:29:55 +0000},
	Doi = {10.1103/PhysRevLett.83.670},
	Issue = {4},
	Journal = {Phys. Rev. Lett.},
	Month = {Jul},
	Numpages = {0},
	Pages = {670--673},
	Publisher = {American Physical Society},
	Title = {Constraining Dark Energy with Type Ia Supernovae and Large-Scale Structure},
	Url = {https://link.aps.org/doi/10.1103/PhysRevLett.83.670},
	Volume = {83},
	Year = {1999},
	Bdsk-Url-1 = {https://link.aps.org/doi/10.1103/PhysRevLett.83.670},
	Bdsk-Url-2 = {http://dx.doi.org/10.1103/PhysRevLett.83.670}}

@article{fate_universe,
	Author = {Adams, Fred C. and Laughlin, Gregory},
	Date-Added = {2017-04-10 20:11:15 +0000},
	Date-Modified = {2017-04-10 20:11:22 +0000},
	Doi = {10.1103/RevModPhys.69.337},
	Issue = {2},
	Journal = {Rev. Mod. Phys.},
	Month = {Apr},
	Numpages = {0},
	Pages = {337--372},
	Publisher = {American Physical Society},
	Title = {A dying universe: the long-term fate and evolutionof astrophysical objects},
	Url = {https://link.aps.org/doi/10.1103/RevModPhys.69.337},
	Volume = {69},
	Year = {1997},
	Bdsk-Url-1 = {https://link.aps.org/doi/10.1103/RevModPhys.69.337},
	Bdsk-Url-2 = {http://dx.doi.org/10.1103/RevModPhys.69.337}}

@article{eos_pitfalls,
	Archiveprefix = {arXiv},
	Author = {Maor, Irit and Brustein, Ram and McMahon, Jeff and Steinhardt, Paul J.},
	Date-Added = {2017-04-07 22:08:43 +0000},
	Date-Modified = {2017-04-07 22:08:56 +0000},
	Doi = {10.1103/PhysRevD.65.123003},
	Eprint = {astro-ph/0112526},
	Journal = {Phys. Rev.},
	Pages = {123003},
	Primaryclass = {astro-ph},
	Slaccitation = {%%CITATION = ASTRO-PH/0112526;%%},
	Title = {{Measuring the equation of state of the universe: Pitfalls and prospects}},
	Volume = {D65},
	Year = {2002},
	Bdsk-Url-1 = {http://dx.doi.org/10.1103/PhysRevD.65.123003}}

@article{bigripcaldwell,
	Archiveprefix = {arXiv},
	Author = {Caldwell, Robert R. and Kamionkowski, Marc and Weinberg, Nevin N.},
	Date-Added = {2017-04-07 22:06:38 +0000},
	Date-Modified = {2017-04-07 22:06:53 +0000},
	Doi = {10.1103/PhysRevLett.91.071301},
	Eprint = {astro-ph/0302506},
	Journal = {Phys. Rev. Lett.},
	Pages = {071301},
	Primaryclass = {astro-ph},
	Slaccitation = {%%CITATION = ASTRO-PH/0302506;%%},
	Title = {{Phantom energy and cosmic doomsday}},
	Volume = {91},
	Year = {2003},
	Bdsk-Url-1 = {http://dx.doi.org/10.1103/PhysRevLett.91.071301}}

@article{phantommenace,
	Archiveprefix = {arXiv},
	Author = {Caldwell, R. R.},
	Date-Added = {2017-04-07 21:59:29 +0000},
	Date-Modified = {2017-04-07 21:59:35 +0000},
	Doi = {10.1016/S0370-2693(02)02589-3},
	Eprint = {astro-ph/9908168},
	Journal = {Phys. Lett.},
	Pages = {23-29},
	Primaryclass = {astro-ph},
	Slaccitation = {%%CITATION = ASTRO-PH/9908168;%%},
	Title = {{A Phantom menace?}},
	Volume = {B545},
	Year = {2002},
	Bdsk-Url-1 = {http://dx.doi.org/10.1016/S0370-2693(02)02589-3}}

@article{neutrinomasscosmology,
	Archiveprefix = {arXiv},
	Author = {Lesgourgues, Julien and Pastor, Sergio},
	Date-Added = {2017-04-07 21:37:44 +0000},
	Date-Modified = {2017-04-07 21:37:55 +0000},
	Doi = {10.1155/2012/608515},
	Eprint = {1212.6154},
	Journal = {Adv. High Energy Phys.},
	Pages = {608515},
	Primaryclass = {hep-ph},
	Slaccitation = {%%CITATION = ARXIV:1212.6154;%%},
	Title = {{Neutrino mass from Cosmology}},
	Volume = {2012},
	Year = {2012},
	Bdsk-Url-1 = {http://dx.doi.org/10.1155/2012/608515}}

@article{wigglez2012,
	Archiveprefix = {arXiv},
	Author = {Parkinson, David and others},
	Date-Added = {2017-04-07 21:23:18 +0000},
	Date-Modified = {2017-04-07 21:23:45 +0000},
	Doi = {10.1103/PhysRevD.86.103518},
	Eprint = {1210.2130},
	Journal = {Phys. Rev.},
	Pages = {103518},
	Primaryclass = {astro-ph.CO},
	Slaccitation = {%%CITATION = ARXIV:1210.2130;%%},
	Title = {{The WiggleZ Dark Energy Survey: Final data release and cosmological results}},
	Volume = {D86},
	Year = {2012},
	Bdsk-Url-1 = {http://dx.doi.org/10.1103/PhysRevD.86.103518}}

@article{2df2005,
	Archiveprefix = {arXiv},
	Author = {Cole, Shaun and others},
	Collaboration = {2dFGRS},
	Date-Added = {2017-04-07 21:08:09 +0000},
	Date-Modified = {2017-04-07 21:17:22 +0000},
	Doi = {10.1111/j.1365-2966.2005.09318.x},
	Eprint = {astro-ph/0501174},
	Journal = {Mon. Not. Roy. Astron. Soc.},
	Pages = {505-534},
	Primaryclass = {astro-ph},
	Slaccitation = {%%CITATION = ASTRO-PH/0501174;%%},
	Title = {{The 2dF Galaxy Redshift Survey: Power-spectrum analysis of the final dataset and cosmological implications}},
	Volume = {362},
	Year = {2005},
	Bdsk-Url-1 = {http://dx.doi.org/10.1111/j.1365-2966.2005.09318.x}}

@article{boss2013,
	Archiveprefix = {arXiv},
	Author = {Anderson, Lauren and others},
	Collaboration = {BOSS},
	Date-Added = {2017-04-07 21:03:57 +0000},
	Date-Modified = {2017-04-07 21:04:04 +0000},
	Doi = {10.1093/mnras/stu523},
	Eprint = {1312.4877},
	Journal = {Mon. Not. Roy. Astron. Soc.},
	Number = {1},
	Pages = {24-62},
	Primaryclass = {astro-ph.CO},
	Slaccitation = {%%CITATION = ARXIV:1312.4877;%%},
	Title = {{The clustering of galaxies in the SDSS-III Baryon Oscillation Spectroscopic Survey: baryon acoustic oscillations in the Data Releases 10 and 11 Galaxy samples}},
	Volume = {441},
	Year = {2014},
	Bdsk-Url-1 = {http://dx.doi.org/10.1093/mnras/stu523}}

@article{planck2015params,
	Archiveprefix = {arXiv},
	Author = {Ade, P. A. R. and others},
	Collaboration = {Planck},
	Date-Added = {2017-04-07 20:56:29 +0000},
	Date-Modified = {2017-04-07 20:57:30 +0000},
	Doi = {10.1051/0004-6361/201525830},
	Eprint = {1502.01589},
	Journal = {Astron. Astrophys.},
	Pages = {A13},
	Primaryclass = {astro-ph.CO},
	Slaccitation = {%%CITATION = ARXIV:1502.01589;%%},
	Title = {{Planck 2015 results. XIII. Cosmological parameters}},
	Volume = {594},
	Year = {2016},
	Bdsk-Url-1 = {http://dx.doi.org/10.1051/0004-6361/201525830}}

@article{wmap1year,
	Archiveprefix = {arXiv},
	Author = {Spergel, D. N. and others},
	Collaboration = {WMAP},
	Date-Added = {2017-04-07 20:51:54 +0000},
	Date-Modified = {2017-04-07 20:56:49 +0000},
	Doi = {10.1086/377226},
	Eprint = {astro-ph/0302209},
	Journal = {Astrophys. J. Suppl.},
	Pages = {175-194},
	Primaryclass = {astro-ph},
	Slaccitation = {%%CITATION = ASTRO-PH/0302209;%%},
	Title = {{First year Wilkinson Microwave Anisotropy Probe (WMAP) observations: Determination of cosmological parameters}},
	Volume = {148},
	Year = {2003},
	Bdsk-Url-1 = {http://dx.doi.org/10.1086/377226}}

@article{wmap9year,
	Adsnote = {Provided by the SAO/NASA Astrophysics Data System},
	Adsurl = {http://adsabs.harvard.edu/abs/2013ApJS..208...19H},
	Archiveprefix = {arXiv},
	Author = {{Hinshaw}, G. and {Larson}, D. and {Komatsu}, E. and {Spergel}, D.~N. and {Bennett}, C.~L. and {Dunkley}, J. and {Nolta}, M.~R. and {Halpern}, M. and {Hill}, R.~S. and {Odegard}, N. and {Page}, L. and {Smith}, K.~M. and {Weiland}, J.~L. and {Gold}, B. and {Jarosik}, N. and {Kogut}, A. and {Limon}, M. and {Meyer}, S.~S. and {Tucker}, G.~S. and {Wollack}, E. and {Wright}, E.~L.},
	Date-Added = {2017-04-07 20:51:35 +0000},
	Date-Modified = {2017-04-07 20:53:24 +0000},
	Doi = {10.1088/0067-0049/208/2/19},
	Eid = {19},
	Eprint = {1212.5226},
	Journal = {\apjs},
	Keywords = {cosmic background radiation, cosmology: observations, dark matter, early universe, instrumentation: detectors, space vehicles, space vehicles: instruments, telescopes},
	Month = oct,
	Pages = {19},
	Title = {{Nine-year Wilkinson Microwave Anisotropy Probe (WMAP) Observations: Cosmological Parameter Results}},
	Volume = 208,
	Year = 2013,
	Bdsk-Url-1 = {http://dx.doi.org/10.1088/0067-0049/208/2/19}}

@article{Fukuda:1998mi,
	Archiveprefix = {arXiv},
	Author = {Fukuda, Y. and others},
	Collaboration = {Super-Kamiokande},
	Date-Added = {2017-04-07 20:32:32 +0000},
	Date-Modified = {2017-04-07 20:32:32 +0000},
	Doi = {10.1103/PhysRevLett.81.1562},
	Eprint = {hep-ex/9807003},
	Journal = {Phys. Rev. Lett.},
	Pages = {1562-1567},
	Primaryclass = {hep-ex},
	Reportnumber = {BU-98-17, ICRR-REPORT-422-98-18, UCI-98-8, KEK-PREPRINT-98-95, LSU-HEPA-5-98, UMD-98-003, SBHEP-98-5, TKU-PAP-98-06, TIT-HPE-98-09},
	Slaccitation = {%%CITATION = HEP-EX/9807003;%%},
	Title = {{Evidence for oscillation of atmospheric neutrinos}},
	Volume = {81},
	Year = {1998},
	Bdsk-Url-1 = {http://dx.doi.org/10.1103/PhysRevLett.81.1562}}

@article{Riess:1998cb,
	Archiveprefix = {arXiv},
	Author = {Riess, Adam G. and others},
	Collaboration = {Supernova Search Team},
	Date-Added = {2017-04-07 20:03:05 +0000},
	Date-Modified = {2017-04-07 20:03:05 +0000},
	Doi = {10.1086/300499},
	Eprint = {astro-ph/9805201},
	Journal = {Astron. J.},
	Pages = {1009-1038},
	Primaryclass = {astro-ph},
	Slaccitation = {%%CITATION = ASTRO-PH/9805201;%%},
	Title = {{Observational evidence from supernovae for an accelerating universe and a cosmological constant}},
	Volume = {116},
	Year = {1998},
	Bdsk-Url-1 = {http://dx.doi.org/10.1086/300499}}

@article{Perlmutter:1998np,
	Archiveprefix = {arXiv},
	Author = {Perlmutter, S. and others},
	Collaboration = {Supernova Cosmology Project},
	Date-Added = {2017-04-07 19:48:08 +0000},
	Date-Modified = {2017-04-07 19:48:08 +0000},
	Doi = {10.1086/307221},
	Eprint = {astro-ph/9812133},
	Journal = {Astrophys. J.},
	Pages = {565-586},
	Primaryclass = {astro-ph},
	Reportnumber = {LBNL-41801, LBL-41801},
	Slaccitation = {%%CITATION = ASTRO-PH/9812133;%%},
	Title = {{Measurements of Omega and Lambda from 42 high redshift supernovae}},
	Volume = {517},
	Year = {1999},
	Bdsk-Url-1 = {http://dx.doi.org/10.1086/307221}}
